@book{everett1995sensors,
  title={Sensors for Mobile Robots},
  author={Everett, H.R.},
  isbn={9781439863480},
  lccn={95017178},
  url={https://books.google.com.br/books?id=s0BZDwAAQBAJ},
  year={1995},
  publisher={CRC Press}
}

@misc{fenghalleffect, 
  title={Hall Effect Proximity Sensors}, 
  url={https://www.omch.co/hall-effect-proximity-sensors/}, 
  journal={OMCH}, 
  author={Feng, Niu}, 
  year={2021}, 
  month={Feb}
} 

@misc{baumermagnetic, 
  title={Magnetic proximity sensors}, 
  url={https://www.baumer.com/pl/en/product-overview/object-detection/magnetic-proximity-sensors/c/284}, 
  journal={Baumer}, 
  author={Baumer Sp.z.o.o.}, 
  year={2023}, 
} 

@misc{toyota_2006, 
  title={Toyota Strengthens Efforts to Develop Safe Vehicles}, 
  url={https://global.toyota/en/detail/274094}, 
  journal={Toyota Global}, 
  author={Toyota}, 
  year={2006}, 
  month={aug}
} 


@Article{electronics12051101,
AUTHOR = {Gopalakrishnan, Keerthy and Adhikari, Aakriti and Pallipamu, Namratha and Singh, Mansunderbir and Nusrat, Tasin and Gaddam, Sunil and Samaddar, Poulami and Rajagopal, Anjali and Cherukuri, Akhila Sai Sree and Yadav, Anmol and Manga, Shreya Sai and Damani, Devanshi N. and Shivaram, Suganti and Dey, Shuvashis and Roy, Sayan and Mitra, Dipankar and Arunachalam, Shivaram P.},
TITLE = {Applications of Microwaves in Medicine Leveraging Artificial Intelligence: Future Perspectives},
JOURNAL = {Electronics},
VOLUME = {12},
YEAR = {2023},
NUMBER = {5},
ARTICLE-NUMBER = {1101},
URL = {https://www.mdpi.com/2079-9292/12/5/1101},
ISSN = {2079-9292},
DOI = {10.3390/electronics12051101}
}


@article{huang2023application,
  title={Application of mmWave Radar Sensor for People Identification and Classification},
  author={Huang, Xu and Patel, Nitish and Tsoi, Kit P},
  journal={Sensors},
  volume={23},
  number={8},
  pages={3873},
  year={2023},
  publisher={MDPI}
}


