@inproceedings{moutarlier2006experimental,
  title={An experimental system for incremental environment modelling by an autonomous mobile robot},
  author={Moutarlier, Philippe and Chatila, Raja},
  booktitle={Experimental Robotics I: The First International Symposium Montreal, June 19--21, 1989},
  pages={327--346},
  year={2006},
  organization={Springer}
}