@book{everett1995sensors,
  title={Sensors for Mobile Robots},
  author={Everett, H.R.},
  isbn={9781439863480},
  lccn={95017178},
  url={https://books.google.com.br/books?id=s0BZDwAAQBAJ},
  year={1995},
  publisher={CRC Press}
}

@article{borenstein1995intemal,
  title={Internal Correction of Dead-reckoning Errors With a Dual-drive Compliant Linkage Mobile Robot},
  author={Borenstein, Johann},
  journal={Journal of Robotic systems},
  volume={12},
  number={4},
  pages={257--273},
  year={1995},
  publisher={Wiley Online Library}
}