@book{everett1995sensors,
  title={Sensors for Mobile Robots},
  author={Everett, H.R.},
  isbn={9781439863480},
  lccn={95017178},
  url={https://books.google.com.br/books?id=s0BZDwAAQBAJ},
  year={1995},
  publisher={CRC Press}
}

@misc{Agarwal_2021, 
  title={Microwaves technology}, 
  url={https://www.elprocus.com/microwaves-basics-applications-effects/}, 
  journal={ElProCus}, 
  author={Agarwal, Tarun}, 
  year={2021}, 
  month={Feb}
} 