@book{Geron_2023, 
    place={Sebastapol, CA}, 
    title={Hands-on machine learning with scikit-learn, keras and tensorflow: Concepts, tools, and techniques to build Intelligent Systems}, 
    publisher={O’Reilly}, 
    author={Géron, Aurélien}, 
    year={2023}
} 

@misc{Granatyr_2021, 
    author = {Granatyr, J.},
    title = {Aprendizagem por Reforço com Deep Learning, PyTorch e Python},
    howpublished = "\url{https://www.udemy.com/course/aprendizagem-reforco-deep-learning-pytorch-python/}",
    year = {2021}, 
    note = "Acessado em 25/05/23",
}

@misc{Fouskarinis_2022, 
    author = {Fouskarinis, S.},
    title = {Processing Sequences Using RNNs and CNNs},
    howpublished = "\url{https://github.com/SanDiegoMachineLearning/bookclub/blob/master/homl/HOML-Ch15_Processing_Sequences_w_RNNs+CNNs.pdf}",
    year = {2022}, 
    note = "Acessado em 27/05/23",
}

@misc{chollet2015keras,
  title={Keras},
  author={Chollet, François and others},
  year={2015},
  howpublished={\url{https://keras.io}},
}