@book{everett1995sensors,
  title={Sensors for Mobile Robots},
  author={Everett, H.R.},
  isbn={9781439863480},
  lccn={95017178},
  url={https://books.google.com.br/books?id=s0BZDwAAQBAJ},
  year={1995},
  publisher={CRC Press}
}

@article{borenstein1995intemal,
  title={Intemal correction of dead-reckoning errors with a dual-drive compliant linkage mobil robot},
  author={Borenstein, Johann},
  journal={Journal of Robotic systems},
  volume={12},
  number={4},
  pages={257--273},
  year={1995},
  publisher={Wiley Online Library}
}

@article{buniyamin2011simple,
  title={A simple local path planning algorithm for autonomous mobile robots},
  author={Buniyamin, Norlida and Ngah, W Wan and Sariff, Nohaidda and Mohamad, Zainuddin and others},
  journal={International journal of systems applications, Engineering \& development},
  volume={5},
  number={2},
  pages={151--159},
  year={2011}
}